@INPROCEEDINGS{Snyder86,
    author = {Alan Snyder},
    title = {Encapsulation and Inheritance in Object-Oriented
             Programming Languages},
    booktitle = {OOPSLA'86 Proceedings},
    year = {1986},
    month = "September",
    pages = {38--45},
    publisher = "ACM"
}

@book{Bates_et_al_09,
    author    = "Bates, Bert and Sierra, Kathy and Freeman, Eric and
                 Robson, Elisabeth",
    title     = "Head First Design Patterns",
    year      = "2009",
    publisher = "O'Reilly Media",
    address   = ""
}

@book{Gamma_et_al_94,
    author    = "Gamma, Erich and Helm, Richard and Johnson, Ralph and
                 Vlissides, John",
    title     = "Design Patterns. 
                 Elements of Reusable Object-Oriented Software",
    year      = "1994",
    publisher = "Prentice Hall",
    address   = ""
}

@book{Martin_03,
    author    = "Martin, Robert C.",
    title     = "Agile Software Development: 
                 Principles, Patterns, and Practices",
    year      = "2002",
    publisher = "Pearson",
    address   = ""
}

@misc{Weck_Szyperski,
    author    = "Weck, Wolfgang and Szyperski, Clemens",
    title     = "{Do We Need Inheritance?}",
    howpublished  = {\url{https://www.researchgate.net/publication/2297653_Do_We_Need_Inheritance}},
    note = {Accessed February 4, 2020},
}



